@techreport {evett1987induction,
  author = "I W Evett and E J Spiehler",
  title = "Rule induction in forensic science",
  year = "1987",
  institution = "Central Research Establishment, Home Office Forensic Science Service",
}

@book {coursenotes,
    author = "Tue Herlau and Mikkel N. Schmidt and Morten MÃ¸rup",
    title = "Introduction to Machine Learning and Data Mining Course notes, fall 2017, version 3",
    year = "2017",
    institution = "Technical University of Denmark",
    publisher = "DTU"
}

@book {andrews,
    author = "Gregory R. Andrews",
    title = "Foundations of Multithreaded, Parallel, and Distributed Programming",
    year = "2000",
    publisher = "Addison-Wesley",
} 